@misc{breakout,
 author = {Breakout},
 title = {Atari},
 year = {1976},
 keywords = {game}
} 

@misc{spaceinvaders,
 author = {Space~Invaders},
 title = {Atari},
 year = {1978},
 keywords = {game}
} 
