@inproceedings{chen2020rss, 
		author = {X. Chen and T. L\"abe and A. Milioto and T. R\"ohling and O. Vysotska and A. Haag and J. Behley and C. Stachniss},
		title  = {{OverlapNet: Loop Closing for LiDAR-based SLAM}},
		booktitle = {Proceedings of Robotics: Science and Systems (RSS)},
		year = {2020},
		codeurl = {https://github.com/PRBonn/OverlapNet/},
		videourl = {https://www.youtube.com/watch?v=YTfliBco6aw},
}

@article{HaoFU, 
		author = {Hao Fu and Ril Yu},
		title  = {{LIDAR Scan Matching in off-Road Environments}},
		booktitle = {Proceedings of Robotics: Science and Systems (RSS)},
		year = {2020},
}

@phdthesis{P.Agarwal,
    author = {Pratik Agarwal},
    title = {Robust Graph-Based Localization and Mapping},
    publisher = {Technische Fakultät,Albert-Ludwigs-Universität Freiburg},
    address = {Freiburg DE},
    year = {1996}
}

@article{S.Arulampalam ,
    author = {M. Sanjeev Arulampalam and Simon Maskell and Neil Gordon, and Tim Clapp},
    title = {A Tutorial on Particle Filters for Online Nonlinear/Non-Gaussian Bayesian Tracking},
    journal = {IEEE TRANSACTIONS ON SIGNAL PROCESSING},
    volume = {50},
    year = {2002},
    number = {2}
}

@article{C.Cadena ,
    author = {Cesar Cadena and Luca Carlone and Henry Carrillo and Yasir Latif and Davide Scaramuzza and José Neira and Ian Reid and John J. Leonard},
    title = {Past, Present, and Future of Simultaneous Localization and Mapping: Toward the Robust-Perception Age},
    journal = {IEEE TRANSACTIONS ON ROBOTICS},
    volume = {32},
    year = {2016},
    number = {6}
}

@inproceedings{E.Olson,
  author          = {Edwin B. Olson},
  title           = {Real-Time Correlative Scan Matching},
  booktitle       = {IEEE International Conference on Robotics and Automation},
  year            = {2009}
}

@book{S.Thrun ,
author = {Sebastian Thrun and Wolfram Burgard and Dieter Fox},
title = {Probabilistic Robotics},
edition = {3},
publisher = {The MIT Press},
address = {Cambridge, Massachusetts,London, England},
year = {1995}
}

@inproceedings{Dosovitskiy17,
  title = { {CARLA}: {An} Open Urban Driving Simulator},
  author = {Alexey Dosovitskiy and German Ros and Felipe Codevilla and Antonio Lopez and Vladlen Koltun},
  booktitle = {Proceedings of the 1st Annual Conference on Robot Learning},
  pages = {1--16},
  year = {2017}
}

@book{bookseries ,
author = {L M Napster},
title = {Mathematical Theory of Efficient Piracy},
series = {Lecture Notes in Mathematics},
volume = {3204},
publisher = {Springer Verlag},
address = {New York NY},
year = {1998}
}

@techreport{report ,
author = {Robert Swearingen},
title = {Morpholoty and syntax of British sailors’ English},
series = {Technical Report},
volume = {249},
publisher = {Profanity Institute},
address = {New York NY},
year = {1985}
}

@incollection{collection ,
author = {Tom Upsilon},
title = {Obscure Greek letters and their meanings
in mathematics and the sciences},
editor = {V W Xavier},
booktitle = {Proceedings of the seventh international
trivia conference},
publisher = {Last Resort Publishers},
address = {Philadelphia PA},
year = {1987},
pages = {129--158}
}

@misc{website ,
author = {James Tetazoo},
title = {A brief guide to recreational pyromania},
howpublished = {Available at \url{http://
www.blowinglotsofweirdstuffup.com/guide.html} (2005/06/12)}
}

@unpublished{acceptedpub ,
author = {J Mentor},
title = {Behavior of small animals on fire},
journal = {Nature},
note = {(in press)}
}

@unpublished{unpub ,
author = {J Mentor},
title = {Behavior of small animals on fire},
note = {Unpublished Manuscript},
year = {2012}
}

@unpublished{notpub ,
author = {J Mentor},
title = {Behavior of small animals on fire},
note = {Unpublished Manuscript},
year = {2012}
}

@misc{conv ,
author = {Sigmund Freud},
month = {July},
year = {2012},
howpublished = {Personal conversation}
}

